@data{DVN/ZXMVTJ_2023,
author = {Sood, Gaurav and Dhingra, Atul},
publisher = {Harvard Dataverse},
title = {{Instate: Predict the state from last name}},
year = {2023},
version = {V1},
doi = {10.7910/DVN/ZXMVTJ},
url = {https://doi.org/10.7910/DVN/ZXMVTJ}
}

@data{DVN/OG47IV_2023,
author = {Sood, Gaurav and Dhingra, Atul},
publisher = {Harvard Dataverse},
title = {{Indian Electoral Roll PDF Corpus}},
year = {2023},
version = {V1},
doi = {10.7910/DVN/OG47IV},
url = {https://doi.org/10.7910/DVN/OG47IV}
}

@data{DVN/MUEGDT_2018,
author = {Sood, Gaurav and Laohaprapanon, Suriyan and Sanjeevi, Madhu and Tran, Khanh},
publisher = {Harvard Dataverse},
title = {{Parsed Indian Electoral Rolls}},
UNF = {UNF:6:Jul7B4cP7aiLbKdAC1sM5g==},
year = {2018},
version = {V25},
doi = {10.7910/DVN/MUEGDT},
url = {https://doi.org/10.7910/DVN/MUEGDT}
}


